@article{ellison2007benefits,
  title={The benefits of Facebook “friends:” Social capital and college students’ use of online social network sites},
  author={Ellison, Nicole B and Steinfield, Charles and Lampe, Cliff},
  journal={Journal of Computer-Mediated Communication},
  volume={12},
  number={4},
  pages={1143--1168},
  year={2007},
  publisher={Wiley Online Library}
}

@article{ellison2006managing,
  title={Managing impressions online: Self-presentation processes in the online dating environment},
  author={Ellison, Nicole and Heino, Rebecca and Gibbs, Jennifer},
  journal={Journal of Computer-Mediated Communication},
  volume={11},
  number={2},
  pages={415--441},
  year={2006},
  publisher={Wiley Online Library}
}

@article{ross2009personality,
  title={Personality and motivations associated with Facebook use},
  author={Ross, Craig and Orr, Emily S and Sisic, Mia and Arseneault, Jaime M and Simmering, Mary G and Orr, R Robert},
  journal={Computers in human behavior},
  volume={25},
  number={2},
  pages={578--586},
  year={2009},
  publisher={Elsevier}
}

@inproceedings{acquisti2006imagined,
  title={Imagined communities: Awareness, information sharing, and privacy on the Facebook},
  author={Acquisti, Alessandro and Gross, Ralph},
  booktitle={International workshop on privacy enhancing technologies},
  pages={36--58},
  year={2006},
  organization={Springer}
}

@article{latour1990female,
  title={Female nudity in print advertising: An analysis of gender differences in arousal and ad response},
  author={LaTour, Michael S},
  journal={Psychology \& Marketing},
  volume={7},
  number={1},
  pages={65--81},
  year={1990},
  publisher={Wiley Online Library}
}

@article{alexander1986differences,
  title={Differences in attitudes toward nudity in advertising.},
  author={Alexander, M Wayne and Judd, Ben B},
  journal={Psychology: A Journal of Human Behavior},
  year={1986},
  publisher={Inst for Leadership and Organization Effectiveness}
}