@Manual{R-base,
  title = {R: A Language and Environment for Statistical Computing},
  author = {{R Core Team}},
  organization = {R Foundation for Statistical Computing},
  address = {Vienna, Austria},
  year = {2016},
  url = {https://www.R-project.org/},
}

@Manual{R-papaja,
  author = {Frederik Aust and Marius Barth},
  title = {papaja: Create APA manuscripts with RMarkdown},
  year = {2015},
  note = {R package version 0.1.0.9054},
  url = {https://github.com/crsh/papaja},
}

@article{kahneman1979prospect,
  title={Prospect theory: An analysis of decision under risk},
  author={Kahneman, Daniel and Tversky, Amos},
  journal={Econometrica: Journal of the econometric society},
  pages={263--291},
  year={1979},
  publisher={JSTOR}
}

@article{camerer2004prospect,
  title={Prospect theory in the wild: Evidence from the field},
  author={Camerer, Colin F},
  journal={Advances in behavioral economics},
  pages={148--161},
  year={2004},
  publisher={Princeton, NJ, USA: Princeton Univ. Press}
}

@article{list2004neoclassical,
  title={Neoclassical theory versus prospect theory: Evidence from the marketplace},
  author={List, John A},
  journal={Econometrica},
  volume={72},
  number={2},
  pages={615--625},
  year={2004},
  publisher={Wiley Online Library}
}
